<record xmlns:xsi="http://www.w3.org/2001/XMLSchema-instance" xmlns="http://www.loc.gov/MARC21/slim" xsi:schemaLocation="http://www.loc.gov/MARC21/slim http://www.loc.gov/standards/marcxml/schema/MARC21slim.xsd">

  <leader>01308nab a2200157   4500</leader>
  <controlfield tag="008">150604b1999    cr f|||| |||| 00| 0 spa d</controlfield>
  <datafield tag="090" ind2=" " ind1=" ">
    <subfield code="a">REVIS 06.02.01</subfield>
  </datafield>
  <datafield ind2=" " tag="100" ind1="1">
    <subfield code="9">140</subfield>
    <subfield code="a">Herrera Espinoza, Deyanira</subfield>
  </datafield>
  <datafield ind1="1" tag="245" ind2="0">
    <subfield code="a">Percepción de los usuarios sobre la calidad en el servicio que ofrece la oficina de recursos humanos de la Universidad Estatal a Distancia /</subfield>
    <subfield code="c">Deyanira Herrera Espinoza</subfield>
  </datafield>
  <datafield tag="260" ind2=" " ind1=" ">
    <subfield code="a">San José, Costa Rica :</subfield>
    <subfield code="b">Editorial Universidad de Costa Rica,</subfield>
    <subfield code="c">1999</subfield>
  </datafield>
  <datafield ind1=" " tag="300" ind2=" ">
    <subfield code="a">páginas 245-264</subfield>
  </datafield>
  <datafield ind2=" " tag="520" ind1=" ">
    <subfield code="a">El presente estudio es sobre la Calidad de Servicio que ofrece la Oficina de Recursos Humanos de la Universidad Estatal a Distancia. Se aplicaron instrumentos cuyos resultados indicaron que es un servicio "bueno" y "medianamente bueno", por lo que se expone una propuesta de tres fases cuyos objetivos, entre otros son: Propuesta para el mejoramiento de la calidad de servicio al usuario e inducción al cambio, pautas para la elaboración de un plan estratégico, confección de los instrumentos, implementación de un plan piloto y evaluaciones periódicas para su autoregulación</subfield>
  </datafield>
  <datafield ind1="1" ind2="4" tag="650">
    <subfield code="9">1</subfield>
    <subfield code="a">EDUCACIÓN</subfield>
  </datafield>
  <datafield ind2=" " tag="773" ind1="0">
    <subfield code="d">San José, Costa Rica : Editorial de la Universidad de Costa Rica, 1997-</subfield>
    <subfield code="o">R0022</subfield>
    <subfield code="t">EDUCACIÓN: Revista de la Universidad de Costa Rica</subfield>
    <subfield code="g">Vol.23, no.1 (1999)</subfield>
  </datafield>
  <datafield tag="942" ind2=" " ind1=" ">
    <subfield code="2">z</subfield>
    <subfield code="c">10</subfield>
  </datafield>
  <datafield ind1=" " tag="999" ind2=" ">
    <subfield code="c">2622</subfield>
    <subfield code="d">2622</subfield>
  </datafield>
</record>